@inproceedings{aibo,
  title={Machine learning for fast quadrupedal locomotion},
  author={Kohl, N. and Stone, P.},
  booktitle={Proceedings of the National Conference on Artificial Intelligence},
  pages={611--616},
  year={2004},
  organization={Menlo Park, CA; Cambridge, MA; London; AAAI Press; MIT Press; 1999}
}

@inproceedings{marbach,
  title={Online optimization of modular robot locomotion},
  author={Marbach, D. and Ijspeert, A.J.},
  booktitle={Mechatronics and Automation, 2005 IEEE International Conference},
  volume={1},
  pages={248--253},
  year={2005},
  organization={IEEE}
}

@article{yim,
  title={Modular self-reconfigurable robot systems [grand challenges of robotics]},
  author={Yim, M. and Shen, W.M. and Salemi, B. and Rus, D. and Moll, M. and Lipson, H. and Klavins, E. and Chirikjian, G.S.},
  journal={Robotics \& Automation Magazine, IEEE},
  volume={14},
  number={1},
  pages={43--52},
  year={2007},
  publisher={IEEE}
}

@inproceedings{parker,
  title={Cyclic genetic algorithms for the locomotion of hexapod robots},
  author={Parker, G. and Rawlins, G.},
  booktitle={Proceedings of the World Automation Congress (WAC?96)},
  volume={3},
  pages={617--622},
  year={1996},
  organization={Citeseer}
}

@inproceedings{heinen,
  title={Applying genetic algorithms to control gait of physically based simulated robots},
  author={Heinen, M.R. and Os{\'o}rio, F.S.},
  booktitle={Evolutionary Computation, 2006. CEC 2006. IEEE Congress on},
  pages={1823--1830},
  year={2006},
  organization={IEEE}
}

@inproceedings{maes,
  title={Learning to coordinate behaviors},
  author={Maes, P. and Brooks, R.A.},
  booktitle={Proceedings of the Eighth National Conference on Artificial Intelligence},
  pages={796--802},
  year={1990}
}

@inproceedings{schaffer,
  title={Multi-objective learning via genetic algorithms},
  author={Schaffer, J.D. and Grefenstette, J.J.},
  booktitle={Proceedings of the Ninth International Joint Conference on Artificial Intelligence},
  pages={593--595},
  year={1985},
  organization={Citeseer}
}

@article{lewis,
  title={Genetic algorithms for gait synthesis in a hexapod robot},
  author={Lewis, M.A. and Fagg, A.H. and Bekey, G.},
  journal={Recent trends in mobile robots},
  pages={317--331},
  year={1994},
  publisher={World Scientific Press}
}

@article{christensen,
  title={A distributed and morphology-independent strategy for adaptive locomotion in self-reconfigurable modular robots},
  author={Christensen, David Johan and Schultz, Ulrik Pagh and Stoy, Kasper},
  journal={Robotics and Autonomous Systems},
  year={2013},
  publisher={Elsevier}
}

@article{karl,
  title={Evolving 3D morphology and behavior by competition},
  author={Sims, Karl},
  journal={Artificial life},
  volume={1},
  number={4},
  pages={353--372},
  year={1994},
  publisher={MIT Press}
}


@article{sproewitz,
    title={Learning to move in modular robots using central pattern generators and online optimization},
    author={Sproewitz, Alexander and Moeckel, Rico and Maye, J{\'e}r{\^o}me and Ijspeert, Auke Jan},
    journal={The International Journal of Robotics Research},
    volume={27},
    number={3-4},
    pages={423--443},
    year={2008},
    publisher={SAGE Publications}
}

@misc{ode,
    title={Open dynamics engine},
    author={Smith, Russell and others},
    year={2005}
}

@book{panda3d,
    title={Panda3D 1.7 Game Developer's Cookbook},
    author={Lang, Christoph},
    year={2011},
    publisher={Packt Publishing}
}

@article{jaeger2007echo,
    title={Echo state network},
    author={Jaeger, Herbert},
    journal={Scholarpedia},
    volume={2},
    number={9},
    pages={2330},
    year={2007}
}


@misc{mitcubes,
    author = {John Romanishin },
    title = {MIT's M Blocks toward Modular robotics},
    howpublished = {"http://web.mit.edu/newsoffice/2013/simple-scheme-for-self-assembling-robots-1004.html"}
    year={2013}
 }

